@article{anastasio2011source,
  title={Source verification of mis-identified Arabidopsis thaliana accessions},
  author={Anastasio, Alison E and Platt, Alexander and Horton, Matthew and Grotewold, Erich and Scholl, Randy and Borevitz, Justin O and Nordborg, Magnus and Bergelson, Joy},
  journal={The Plant Journal},
  volume={67},
  number={3},
  pages={554--566},
  year={2011},
  publisher={Wiley Online Library}
}

@article{durand2009spatial,
  title={Spatial inference of admixture proportions and secondary contact zones},
  author={Durand, Eric and Jay, Flora and Gaggiotti, Oscar E and Fran{\c{c}}ois, Olivier},
  journal={Molecular Biology and Evolution},
  volume={26},
  number={9},
  pages={1963--1973},
  year={2009},
  publisher={SMBE}
}

@article{corander2008bayesian,
  title={Bayesian spatial modeling of genetic population structure},
  author={Corander, Jukka and Sir{\'e}n, Jukka and Arjas, Elja},
  journal={Computational Statistics},
  volume={23},
  number={1},
  pages={111--129},
  year={2008},
  publisher={Springer}
}

@article{pritchard2000inference,
  title={Inference of population structure using multilocus genotype data},
  author={Pritchard, Jonathan K and Stephens, Matthew and Donnelly, Peter},
  journal={Genetics},
  volume={155},
  number={2},
  pages={945--959},
  year={2000},
  publisher={Genetics Soc America}
}

@article{horton2012genome,
  title={Genome-wide patterns of genetic variation in worldwide Arabidopsis thaliana accessions from the RegMap panel},
  author={Horton, Matthew W and Hancock, Angela M and Huang, Yu S and Toomajian, Christopher and Atwell, Susanna and Auton, Adam and Muliyati, N Wayan and Platt, Alexander and Sperone, F Gianluca and Vilhj{\'a}lmsson, Bjarni J and others},
  journal={Nature genetics},
  volume={44},
  number={2},
  pages={212--216},
  year={2012},
  publisher={Nature Publishing Group}
}


@article{10002015global,
  title={A global reference for human genetic variation},
  author={1000 Genomes Project Consortium and others},
  journal={Nature},
  volume={526},
  number={7571},
  pages={68--74},
  year={2015},
  publisher={Nature Publishing Group}
}

@article{frichot2014fast,
  title={Fast and efficient estimation of individual ancestry coefficients},
  author={Frichot, Eric and Mathieu, Fran{\c{c}}ois and Trouillon, Th{\'e}o and Bouchard, Guillaume and Fran{\c{c}}ois, Olivier},
  journal={Genetics},
  volume={196},
  number={4},
  pages={973--983},
  year={2014},
  publisher={Genetics Soc America}
}

@article{caye2015tess3,
  title={TESS3: fast inference of spatial population structure and genome scans for selection},
  author={Caye, Kevin and Deist, Timo M and Martins, Helena and Michel, Olivier and Fran{\c{c}}ois, Olivier},
  journal={Molecular ecology resources},
  year={2015},
  publisher={Wiley Online Library}
}

@article{bertsekas1999nonlinear,
  title={Nonlinear programming},
  author={Bertsekas, Dimitri P},
  year={1999},
  publisher={Athena scientific}
}

@article{kim2011fast,
  title={Fast nonnegative matrix factorization: An active-set-like method and comparisons},
  author={Kim, Jingu and Park, Haesun},
  journal={SIAM Journal on Scientific Computing},
  volume={33},
  number={6},
  pages={3261--3281},
  year={2011},
  publisher={SIAM}
}

@article{franccois2010spatially,
  title={Spatially explicit Bayesian clustering models in population genetics},
  author={Fran{\c{c}}ois, Olivier and Durand, Eric},
  journal={Molecular Ecology Resources},
  volume={10},
  number={5},
  pages={773--784},
  year={2010},
  publisher={Wiley Online Library}
}
