@book{chung1997spectral,
  title={Spectral Graph Theory},
  author={Chung, Fan RK},
  volume={92 of {\it Regional Conference Series in Mathematics}},
  year={1997},
  publisher={American Mathematical Society, USA}
}

@article{griebeler2006spatial,
  title={Spatial genetic patterns generated by two admixing genetic lineages: a simulation study},
  author={Griebeler, Eva M and M{\"u}ller, Jakob C and Seitz, Alfred},
  journal={Conservation Genetics},
  volume={7},
  number={5},
  pages={753--766},
  year={2006},
  publisher={Springer}
}

@article{chikhi2001estimation,
  title={Estimation of admixture proportions: a likelihood-based approach using {M}arkov chain {M}onte {C}arlo},
  author={Chikhi, Lounes and Bruford, Michael W and Beaumont, Mark A},
  journal={Genetics},
  volume={158},
  number={3},
  pages={1347--1362},
  year={2001},
  publisher={Genetics Soc America}
}

@article{durand2009spatial,
  title={Spatial inference of admixture proportions and secondary contact zones},
  author={Durand, Eric and Jay, Flora and Gaggiotti, Oscar E and Fran{\c{c}}ois, Olivier},
  journal={Molecular Biology and Evolution},
  volume={26},
  number={9},
  pages={1963--1973},
  year={2009},
  publisher={SMBE}
}

@article{franccois2008demographic,
  title={Demographic history of {E}uropean populations of {\it \uppercase{A}rabidopsis thaliana}},
  author={Fran{\c{c}}ois, Olivier and Blum, Michael GB and Jakobsson, Mattias and Rosenberg, Noah A},
  journal={PLoS Genetics},
  volume={4},
  number={5},
  pages={e1000075},
  year={2008},
  publisher={Public Library of Science}
}

@article{wright1943isolation,
  title={Isolation by distance},
  author={Wright, Sewall},
  journal={Genetics},
  volume={28},
  number={2},
  pages={114},
  year={1943},
  publisher={Genetics Society of America}
}

@article{kimura1964stepping,
  title={The stepping stone model of population structure and the decrease of genetic correlation with distance},
  author={Kimura, Motoo and Weiss, George H},
  journal={Genetics},
  volume={49},
  number={4},
  pages={561},
  year={1964},
  publisher={Genetics Society of America}
}

@book{cavalli1994history,
  title={The History and Geography of Human Genes},
  author={Cavalli-Sforza, Luigi Luca and Menozzi, Paolo and Piazza, Alberto},
  year={1994},
  publisher={Princeton University Press, USA}
}

@book{epperson2003geographical,
  title={Geographical Genetics (MPB-38)},
  author={Epperson, Bryan K},
  year={2003},
  publisher={Princeton University Press, USA}
}

@book{malecot1948mathematics,
  title={Les Math{\'e}matiques de l'H{\'e}r{\'e}dit{\'e}},
  author={Mal{\'e}cot, Gustave},
  year={1948},
  publisher={Masson, Paris}
}

@article{segelbacher2010applications,
  title={Applications of landscape genetics in conservation biology: concepts and challenges},
  author={Segelbacher, Gernot and Cushman, Samuel A and Epperson, Bryan K and Fortin, Marie-Jos{\'e}e and Francois, Olivier and Hardy, Olivier J and Holderegger, Rolf and Taberlet, Pierre and Waits, Lisette P and Manel, St{\'e}phanie},
  journal={Conservation Genetics},
  volume={11},
  number={2},
  pages={375--385},
  year={2010},
  publisher={Springer}
}

@article{pritchard2000inference,
  title={Inference of population structure using multilocus genotype data},
  author={Pritchard, Jonathan K and Stephens, Matthew and Donnelly, Peter},
  journal={Genetics},
  volume={155},
  number={2},
  pages={945--959},
  year={2000},
  publisher={Genetics Soc America}
}

@article{franccois2010spatially,
  title={Spatially explicit {B}ayesian clustering models in population genetics},
  author={Fran{\c{c}}ois, Olivier and Durand, Eric},
  journal={Molecular Ecology Resources},
  volume={10},
  number={5},
  pages={773--784},
  year={2010},
  publisher={Wiley Online Library}
}

@article{chen2007bayesian,
  title={Bayesian clustering algorithms ascertaining spatial population structure: a new computer program and a comparison study},
  author={Chen, Chibiao and Durand, Eric and Forbes, Florence and Fran{\c{c}}ois, Olivier},
  journal={Molecular Ecology Notes},
  volume={7},
  number={5},
  pages={747--756},
  year={2007},
  publisher={Wiley Online Library}
}

@article{franccois2006bayesian,
  title={Bayesian clustering using hidden {M}arkov random fields in spatial population genetics},
  author={Fran{\c{c}}ois, Olivier and Ancelet, Sophie and Guillot, Gilles},
  journal={Genetics},
  volume={174},
  number={2},
  pages={805--816},
  year={2006},
  publisher={Genetics Soc America}
}

@article{raj2014faststructure,
  title={fast{STRUCTURE}: variational inference of population structure in large {SNP} data sets},
  author={Raj, Anil and Stephens, Matthew and Pritchard, Jonathan K},
  journal={Genetics},
  volume={197},
  number={2},
  pages={573--589},
  year={2014},
  publisher={Genetics Soc America}
}

@article{frichot2014fast,
  title={Fast and efficient estimation of individual ancestry coefficients},
  author={Frichot, Eric and Mathieu, Fran{\c{c}}ois and Trouillon, Th{\'e}o and Bouchard, Guillaume and Fran{\c{c}}ois, Olivier},
  journal={Genetics},
  volume={196},
  number={4},
  pages={973--983},
  year={2014},
  publisher={Genetics Soc America}
}

@article{cai2011graph,
  title={Graph regularized nonnegative matrix factorization for data representation},
  author={Cai, Deng and He, Xiaofei and Han, Jiawei and Huang, Thomas S},
  journal={IEEE Transactions on Pattern Analysis and Machine Intelligence},
  volume={33},
  number={8},
  pages={1548--1560},
  year={2011},
  publisher={IEEE}
}

@article{atwell2010genome,
  title={Genome-wide association study of 107 phenotypes in {\it \uppercase{A}rabidopsis thaliana} inbred lines},
  author={Atwell, Susanna and Huang, Yu S and Vilhj{\'a}lmsson, Bjarni J and Willems, Glenda and Horton, Matthew and Li, Yan and Meng, Dazhe and Platt, Alexander and Tarone, Aaron M and Hu, Tina T and others},
  journal={Nature},
  volume={465},
  number={7298},
  pages={627--631},
  year={2010},
  publisher={Nature Publishing Group}
}


@article{manel2010perspectives,
  title={Perspectives on the use of landscape genetics to detect genetic adaptive variation in the field},
  author={Manel, Stephanie and Joost, Stephane and Epperson, Bryan K and Holderegger, Rolf and Storfer, Andrew and Rosenberg, Michael S and Scribner, Kim T and Bonin, Aurelie and FORTIN, MARIE-JOS{\'E}E},
  journal={Molecular Ecology},
  volume={19},
  number={17},
  pages={3760--3772},
  year={2010},
  publisher={Wiley Online Library}
}

@article{holsinger2009genetics,
  title={Genetics in geographically structured populations: defining, estimating and interpreting $\uppercase{F}_{\rm ST}$},
  author={Holsinger, Kent E and Weir, Bruce S},
  journal={Nature Reviews Genetics},
  volume={10},
  number={9},
  pages={639--650},
  year={2009},
  publisher={Nature Publishing Group}
}


@article{frichot2015lea,
  title={{LEA}: an {R} package for {L}andscape and {E}cological {A}ssociation studies},
  author={Frichot, Eric and Fran{\c{c}}ois, Olivier},
  journal={Methods in Ecology and Evolution, in press},
  year={2015},
  publisher={Wiley Online Library}
}

@article{jay2012forecasting,
  title={Forecasting changes in population genetic structure of alpine plants in response to global warming},
  author={Jay, Flora and Manel, St{\'e}phanie and Alvarez, Nadir and Durand, Eric Y and Thuiller, Wilfried and Holderegger, Rolf and Taberlet, Pierre and Fran{\c{c}}ois, Olivier},
  journal={Molecular Ecology},
  volume={21},
  number={10},
  pages={2354--2368},
  year={2012},
  publisher={Wiley Online Library}
}

@article{kim2011fast,
  title={Fast nonnegative matrix factorization: an active-set-like method and comparisons},
  author={Kim, Jingu and Park, Haesun},
  journal={SIAM Journal on Scientific Computing},
  volume={33},
  number={6},
  pages={3261--3281},
  year={2011},
  publisher={SIAM}
}


@article{belkin2003laplacian,
  title={Laplacian eigenmaps for dimensionality reduction and data representation},
  author={Belkin, Mikhail and Niyogi, Partha},
  journal={Neural Computation},
  volume={15},
  number={6},
  pages={1373--1396},
  year={2003},
  publisher={MIT Press}
}

@book{weir1990genetic,
  title={Genetic {D}ata {A}nalysis {II}},
  author={Weir},
  year={1996},
  publisher={Sinauer Associates Inc., Sunderland, MA}
}

@article{devlin1999genomic,
  title={Genomic control for association studies},
  author={Devlin, B and Roeder, Kathryn},
  journal={Biometrics},
  volume={55},
  number={4},
  pages={997--1004},
  year={1999},
  publisher={Wiley Online Library}
}


@article{hudson2002generating,
  title={Generating samples under a {W}right--{F}isher neutral model of genetic variation},
  author={Hudson, Richard R},
  journal={Bioinformatics},
  volume={18},
  number={2},
  pages={337--338},
  year={2002},
  publisher={Oxford Univ Press}
}

@article{benjamini1995controlling,
  title={Controlling the false discovery rate: a practical and powerful approach to multiple testing},
  author={Benjamini, Yoav and Hochberg, Yosef},
  journal={Journal of the Royal Statistical Society},
  volume={57},
  number={2},
  series={B (Methodological)},
  pages={289--300},
  year={1995},
  publisher={JSTOR}
}

@article{bazin2010likelihood,
  title={Likelihood-free inference of population structure and local adaptation in a {B}ayesian hierarchical model},
  author={Bazin, Eric and Dawson, Kevin J and Beaumont, Mark A},
  journal={Genetics},
  volume={185},
  number={2},
  pages={587--602},
  year={2010},
  publisher={Genetics Soc America}
}

@article{alexander2011linking,
  title={Enhancements to the {ADMIXTURE} algorithm for individual ancestry estimation},
  author={Alexander, David H and Lange, Kenneth},
  journal={BMC bioinformatics},
  volume={12},
  number={1},
  pages={246},
  year={2011},
  publisher={BioMed Central Ltd}
}


@article{wollstein2015detecting,
  title={Detecting individual ancestry in the human genome},
  author={Wollstein, Andreas and Lao, Oscar},
  journal={Investigative Genetics},
  volume={6},
  number={1},
  pages={1--12},
  year={2015},
  publisher={Springer}
}


@article{mochizuki2005arabidopsis,
  title={The {\it \uppercase{A}rabidopsis} {WAVY} {GROWTH} 2 protein modulates root bending in response to environmental stimuli},
  author={Mochizuki, Susumu and Harada, Akiko and Inada, Sayaka and Sugimoto-Shirasu, Keiko and Stacey, Nicola and Wada, Takuji and Ishiguro, Sumie and Okada, Kiyotaka and Sakai, Tatsuya},
  journal={The Plant Cell},
  volume={17},
  number={2},
  pages={537--547},
  year={2005},
  publisher={Am Soc Plant Biol}
}
