@article{horton2012genome,
  title={Genome-wide patterns of genetic variation in worldwide Arabidopsis thaliana accessions from the RegMap panel},
  author={Horton et al., Matthew W },
  journal={Nature genetics},
  volume={44},
  number={2},
  pages={212--216},
  year={2012},
  publisher={Nature Publishing Group}
}


@article{10002015global,
  title={A global reference for human genetic variation},
  author={1000 Genomes Project Consortium and others},
  journal={Nature},
  volume={526},
  number={7571},
  pages={68--74},
  year={2015},
  publisher={Nature Publishing Group}
}

@article{frichot2014fast,
  title={Fast and efficient estimation of individual ancestry coefficients},
  author={Frichot et al., Eric },
  journal={Genetics},
  volume={196},
  number={4},
  pages={973--983},
  year={2014},
  publisher={Genetics Soc America}
}

@article{caye2015tess3,
  title={TESS3: fast inference of spatial population structure and genome scans for selection},
  author={Caye, Kevin and Deist, Timo M and Martins, Helena and Michel, Olivier and Fran{\c{c}}ois, Olivier},
  journal={Molecular ecology resources},
  year={2015},
  publisher={Wiley Online Library}
}

@article{bertsekas1999nonlinear,
  title={Nonlinear programming},
  author={Bertsekas, Dimitri P},
  year={1999},
  publisher={Athena scientific}
}

@article{kim2011fast,
  title={Fast nonnegative matrix factorization: An active-set-like method and comparisons},
  author={Kim et al., Jingu},
  journal={SIAM Journal on Scientific Computing},
  volume={33},
  number={6},
  pages={3261--3281},
  year={2011},
  publisher={SIAM}
}

@article{franccois2010spatially,
  title={Spatially explicit Bayesian clustering models in population genetics},
  author={Fran{\c{c}}ois et al., Olivier},
  journal={Molecular Ecology Resources},
  volume={10},
  number={5},
  pages={773--784},
  year={2010},
  publisher={Wiley Online Library}
}

@article{cai2011graph,
  title={Graph regularized nonnegative matrix factorization for data representation},
  author={Cai et al., Deng},
  journal={Pattern Analysis and Machine Intelligence, IEEE Transactions on},
  volume={33},
  number={8},
  pages={1548--1560},
  year={2011},
  publisher={IEEE}
}
